[
  {
    "id": "2f11ef1f-336e-457a-809d-cdfc94b4d09d",
    "username": "@demo_user1",
    "amount": 748371,
    "price": 0.00008909852769128403,
    "timestamp": 1738723133825,
    "change": 76,
    "type": "buy"
  },
  {
    "id": "f83eb1c4-5d4e-4f7c-8bad-29dad380f18e",
    "username": "@demo_user2",
    "amount": 905640,
    "price": 0.00008178579927370242,
    "timestamp": 1738730910201,
    "change": 83,
    "type": "buy"
  },
  {
    "id": "192ac42e-fb7a-41f9-be04-305c1f41525e",
    "username": "@demo_user3",
    "amount": 1486760,
    "price": 0.00011775536739811569,
    "timestamp": 1738711547761,
    "change": 76,
    "type": "buy"
  },
  {
    "id": "7de39ac2-66e7-403c-9ee0-dbdb46725d71",
    "username": "@demo_user4",
    "amount": 767343,
    "price": 0.00010476045712931663,
    "timestamp": 1738703868887,
    "change": 84,
    "type": "buy"
  },
  {
    "id": "4000af03-59cb-485f-81c1-88615c4e58a2",
    "username": "@demo_user5",
    "amount": 1470533,
    "price": 0.00010330291224739426,
    "timestamp": 1738706045811,
    "change": 78,
    "type": "buy"
  },
  {
    "id": "fcd6d328-6f62-4a1b-8f64-8d7f0452fe15",
    "username": "@demo_user6",
    "amount": 1365088,
    "price": 0.00008650831675513503,
    "timestamp": 1738722817818,
    "change": 79,
    "type": "buy"
  },
  {
    "id": "16f44db6-4e7c-48ae-ae9e-e7fae6404c81",
    "username": "@demo_user7",
    "amount": 1106732,
    "price": 0.00009950421543662298,
    "timestamp": 1738752701128,
    "change": 80,
    "type": "buy"
  },
  {
    "id": "cecdb429-cd6c-4bac-be1d-a04c55033537",
    "username": "@demo_user8",
    "amount": 1333674,
    "price": 0.00010385815146528085,
    "timestamp": 1738754531759,
    "change": 77,
    "type": "buy"
  },
  {
    "id": "e6a26a5f-ad2d-4380-a5a9-1ca492aa4f24",
    "username": "@demo_user9",
    "amount": 609522,
    "price": 0.00009261827509899118,
    "timestamp": 1738739359274,
    "change": 78,
    "type": "buy"
  },
  {
    "id": "86d4f25e-294a-481f-926f-363b8e219388",
    "username": "@demo_user10",
    "amount": 834434,
    "price": 0.00010778459952995352,
    "timestamp": 1738704158306,
    "change": 75,
    "type": "buy"
  },
  {
    "id": "40f33d6c-aaf5-4ad3-b06b-068e00dbeb67",
    "username": "planc90",
    "amount": 10000000,
    "price": 1,
    "timestamp": 1738766856440,
    "change": 81,
    "type": "buy"
  },
  {
    "id": "13fc6bcc-4bcf-40e4-b519-e35d97e2eb63",
    "username": "planc90",
    "amount": 1000000,
    "price": 1,
    "timestamp": 1738767023620,
    "change": 84,
    "type": "buy"
  }
]
